<record><leader>00000cas a2200000   4500</leader><controlfield tag="001">4947367</controlfield><controlfield tag="008">790510d19uu19uuiluwr ne      0   a0eng d</controlfield><controlfield tag="009">467</controlfield><datafield ind1=" " ind2=" " tag="010"><subfield code="a">sn 79002786 </subfield></datafield><datafield ind1=" " ind2=" " tag="040"><subfield code="a">NSD</subfield><subfield code="b">eng</subfield><subfield code="c">NSD</subfield><subfield code="d">OCLCQ</subfield></datafield><datafield ind1=" " ind2=" " tag="012"><subfield code="j">0</subfield><subfield code="k">1</subfield><subfield code="m">d</subfield></datafield><datafield ind1="1" ind2=" " tag="022"><subfield code="a">0191-7528</subfield><subfield code="l">0191-7528</subfield><subfield code="2">1</subfield></datafield><datafield ind1=" " ind2=" " tag="042"><subfield code="a">nsdp</subfield></datafield><datafield ind1=" " ind2="0" tag="222"><subfield code="a">Wheaton times-press</subfield></datafield><datafield ind1="0" ind2="0" tag="245"><subfield code="a">Wheaton times-press.</subfield></datafield><datafield ind1=" " ind2=" " tag="260"><subfield code="a">Elmhurst, Ill.,</subfield><subfield code="b">Press Publications.</subfield></datafield><datafield ind1=" " ind2=" " tag="310"><subfield code="a">Weekly</subfield></datafield><datafield ind1=" " ind2=" " tag="752"><subfield code="a">United States</subfield><subfield code="b">Illinois</subfield><subfield code="c">DuPage</subfield><subfield code="d">Elmhurst.</subfield></datafield><datafield ind1="0" ind2="0" tag="785"><subfield code="t">Wheaton press</subfield><subfield code="x">0894-9778</subfield></datafield><datafield ind1=" " ind2=" " tag="936"><subfield code="a">Vol. 15, no. 12</subfield></datafield></record>